<record xmlns="http://www.openarchives.org/OAI/2.0/" xmlns:xsi="http://www.w3.org/2001/XMLSchema-instance"><header><identifier>oai:alma.34CSIC_INST:9917880700004201</identifier><datestamp>2020-03-05T10:57:15Z</datestamp><setSpec>manuscripta</setSpec></header><metadata><record xmlns="http://www.loc.gov/MARC21/slim" xmlns:xsi="http://www.w3.org/2001/XMLSchema-instance" xsi:schemaLocation="http://www.loc.gov/MARC21/slim http://www.loc.gov/standards/marcxml/schema/MARC21slim.xsd"><leader>06015ntm a2200397 i 4500</leader><controlfield tag="005">20200305114713.0</controlfield><controlfield tag="008">101028sn       sp            000 0 ara d</controlfield><controlfield tag="001">9917880700004201</controlfield><datafield tag="035" ind1=" " ind2=" "><subfield code="a">CSIC9917880700004201</subfield></datafield><datafield tag="040" ind1=" " ind2=" "><subfield code="a">ES-MaCSI</subfield><subfield code="b">spa</subfield></datafield><datafield tag="245" ind1="1" ind2="0"><subfield code="a">Documentos de compraventa</subfield><subfield code="h">[Manuscrito]</subfield></datafield><datafield tag="260" ind1=" " ind2=" "><subfield code="a">Granada,</subfield><subfield code="c">846-851 [1442-1447].</subfield></datafield><datafield tag="300" ind1=" " ind2=" "><subfield code="a">1  f.</subfield><subfield code="c">17,5 X 11 cm.</subfield></datafield><datafield tag="490" ind1="1" ind2=" "><subfield code="a">Manuscripta</subfield></datafield><datafield tag="500" ind1=" " ind2=" "><subfield code="a">Se encontraba en una carpeta con el título Universidad B. Antigua Colección "Luque"</subfield></datafield><datafield tag="505" ind1=" " ind2=" "><subfield code="a">Contiene tres documentos relacionados con la compraventa de inmuebles, los dos primeros tratan de la misma transacción</subfield></datafield><datafield tag="505" ind1="1" ind2=" "><subfield code="a">Documento 1 (recto).- Título: Compraventa de una propiedad en el Albaicín por 28 dinares de oro - Fecha:  9 de raŷab de 846 / 23 de noviembre de 1442- Contenido: El documento ha perdido al menos 3 líneas al comienzo, donde debería haberse indicado los nombres de comprador, vendedor y la propiedad inmueble objeto de la venta.</subfield></datafield><datafield tag="505" ind1="1" ind2=" "><subfield code="a">أوله: faltan las primeras líneas - آخره: واشهدا من عرفه بحال صحة [وجواز] في التاسع عشر رجب الفرد عام ستة واربعين وثماني مائة وللبائع [...]</subfield></datafield><datafield tag="505" ind1="0" ind2=" "><subfield code="a">Documento 2 (recto).- Título: El comprador de una propiedad en el Albaicín por 28 dinares de oro efectúa el pago aplazado - Fecha: 4 de šaʻbān de 846 / 8 de diciembre de 1442 - Contenido: Cancelación de deuda por la finalización del pago de la anterior compra.</subfield></datafield><datafield tag="505" ind1="0" ind2=" "><subfield code="a">أوله: الحمد لله تخلص البائع فوقه من المشتري فيه من جميع الثمن فيه تخلصا تاما  - آخره: واشهدا به من عرفهما بحال صحة وجواز في الرابع شعبان عام ستة واربعين وثماني مائة</subfield></datafield><datafield tag="505" ind1="0" ind2=" "><subfield code="a">Documento 3 (verso).- Título: Compraventa de un inmueble urbano, probablemente una tienda, y los enseres que contiene - Fecha:  14 de ṣafar de 851 / 1 de mayo de 1447- Contenido: El jeque y maestro Abū ʻAbd Allāh Muḥammad al-Šayyār compra al maestro Abū ʻAlī Ḥasan b. Saʻīd b. […] la totalidad de un inmueble y los enseres que se encuentran en ella.</subfield></datafield><datafield tag="505" ind1=" " ind2=" "><subfield code="a">أوله: الحمد لله باع الشيخ المعلم ابو عبد الله محمد الشيار المبتاع له بمحوله من المعلم ابي علي حسن بن سعيد بن [   ] جميع الماعون بل جميع الحا[...] - آخره:  تاما والرسم ذلك وفقه كل شهر من أول شهر ثمانماية على الـ... [firma]</subfield></datafield><datafield tag="546" ind1=" " ind2=" "><subfield code="a">Arabe</subfield><subfield code="b">Escritura magrebí</subfield></datafield><datafield tag="505" ind1="1" ind2=" "><subfield code="a">Fragmento de un folio (recto y verso)</subfield></datafield><datafield tag="500" ind1=" " ind2=" "><subfield code="a">Material: Papel</subfield></datafield><datafield tag="500" ind1=" " ind2=" "><subfield code="a">Tinta: Negra</subfield></datafield><datafield tag="500" ind1=" " ind2=" "><subfield code="a">Al final de la carpeta hay una cuartilla con una línea del documento transcrita a mano</subfield></datafield><datafield tag="541" ind1=" " ind2=" "><subfield code="a">Procedencia: desconocida</subfield></datafield><datafield tag="500" ind1=" " ind2=" "><subfield code="a">En el verso: 95? - Luque</subfield></datafield><datafield tag="583" ind1=" " ind2=" "><subfield code="a">Catalogación de María Dolores Rodríguez (UGR) y Amalia Zomeño (ILC, CSIC) en el marco del proyecto de investigación "La Granada nazarí en el siglo XV: microhistoria de una entidad islámica en Occidente" (FFI2016-79252-P), AEI/FEDER, EU, dirigido desde la Escuela de Estudios Árabes.</subfield></datafield><datafield tag="740" ind1="0" ind2=" "><subfield code="a">Compraventa de una propiedad en el Albaicín por 28 dinares de oro</subfield></datafield><datafield tag="740" ind1="3" ind2=" "><subfield code="a">El comprador de una propiedad en el Albaicín por 28 dinares de oro efectúa el pago aplazado</subfield></datafield><datafield tag="740" ind1="0" ind2=" "><subfield code="a">Compraventa de un inmueble urbano, probablemente una tienda, y los enseres que contiene</subfield></datafield><datafield tag="773" ind1="1" ind2=" "><subfield code="w">9917876698104201</subfield><subfield code="t">Documentos árabes</subfield><subfield code="h">[Manuscrito]</subfield></datafield><datafield tag="830" ind1=" " ind2="0"><subfield code="a">Manuscripta</subfield></datafield><datafield tag="856" ind1="4" ind2="1"><subfield code="u">http://simurg.bibliotecas.csic.es/viewer/image/9917880700004201/1/</subfield><subfield code="z">Ver el documento en SIMURG, el portal de fondos digitalizados del CSIC</subfield></datafield></record></metadata></record>